<record><leader>00000cas a22000007a 4500</leader><controlfield tag="001">34930754</controlfield><controlfield tag="008">960614c19729999mauer ne      0    0eng d</controlfield><datafield ind1=" " ind2=" " tag="010"><subfield code="a">sn 96076002 </subfield></datafield><datafield ind1=" " ind2=" " tag="040"><subfield code="a">MGN</subfield><subfield code="b">eng</subfield><subfield code="c">MGN</subfield><subfield code="d">OCLCQ</subfield></datafield><datafield ind1=" " ind2=" " tag="042"><subfield code="a">msc</subfield></datafield><datafield ind1="0" ind2=" " tag="130"><subfield code="a">Regional review (Boston, Mass. : 1972)</subfield></datafield><datafield ind1="1" ind2="0" tag="245"><subfield code="a">Regional review.</subfield></datafield><datafield ind1=" " ind2=" " tag="260"><subfield code="a">East Boston [Boston], MA :</subfield><subfield code="b">Dominic Amara</subfield></datafield><datafield ind1=" " ind2=" " tag="300"><subfield code="a">v.</subfield></datafield><datafield ind1=" " ind2=" " tag="310"><subfield code="a">Biweekly,</subfield><subfield code="b">&lt;1987-&gt;</subfield></datafield><datafield ind1=" " ind2=" " tag="321"><subfield code="a">Weekly</subfield></datafield><datafield ind1="1" ind2=" " tag="362"><subfield code="a">Began in 1972?</subfield></datafield><datafield ind1=" " ind2=" " tag="500"><subfield code="a">Published at Boston, Mass., &lt;May 5, 1987-&gt;.</subfield></datafield><datafield ind1=" " ind2=" " tag="500"><subfield code="a">"Distributed in the North End, West End, Waterfront, Charles River Park and Devonshire areas."</subfield></datafield><datafield ind1=" " ind2=" " tag="588"><subfield code="a">Description based on: Vol. 6, no. 38 (Sept. 21, 1977).</subfield></datafield><datafield ind1=" " ind2=" " tag="752"><subfield code="a">United States</subfield><subfield code="b">Massachusetts</subfield><subfield code="c">Suffolk</subfield><subfield code="d">Boston.</subfield></datafield><datafield ind1=" " ind2=" " tag="752"><subfield code="a">United States</subfield><subfield code="b">Massachusetts</subfield><subfield code="c">Suffolk</subfield><subfield code="d">East Boston.</subfield></datafield></record>